<?xml version="1.0" encoding="UTF-8"?><collection xmlns="http://www.loc.gov/MARC21/slim"><record><leader>00318nam--2200133-i-4500</leader><controlfield tag="001">000010039</controlfield><controlfield tag="002">20161230</controlfield><controlfield tag="005">20161230201028</controlfield><controlfield tag="008">060222s1000------------r-----000-0-eng-d</controlfield><datafield ind1=" " ind2=" " tag="100"><subfield code="a">Dunkin, Paul S</subfield></datafield><datafield ind1=" " ind2=" " tag="245"><subfield code="a">Cataloging u.s.a</subfield></datafield><datafield ind1=" " ind2=" " tag="260"><subfield code="a">Chicago, American Library Association, 1969</subfield></datafield><datafield ind1=" " ind2=" " tag="490"><subfield code="a">Xxii+159p</subfield></datafield><datafield ind1=" " ind2=" " tag="852"><subfield code="a">02</subfield></datafield></record></collection>